<?xml version="1.0" encoding="UTF-8"?><collection xmlns="http://www.loc.gov/MARC21/slim"><record><leader>00394nam--2200121-i-4500</leader><controlfield tag="001">000021177</controlfield><controlfield tag="002">20161230</controlfield><controlfield tag="005">20161230201034</controlfield><controlfield tag="008">060222s1000------------r-----000-0-eng-d</controlfield><datafield ind1=" " ind2=" " tag="100"><subfield code="a">Hogben, Lancelot</subfield></datafield><datafield ind1=" " ind2=" " tag="245"><subfield code="a">Zahl und zufall. eine einfuhrung in die kombinatorik wahrscheinlichkeitslehre und statistik mit anschaulichen hilfsmitteln</subfield></datafield><datafield ind1=" " ind2=" " tag="260"><subfield code="a">Munchen, R. Oldenbourg, 1956, 483p</subfield></datafield><datafield ind1=" " ind2=" " tag="852"><subfield code="a">12682</subfield></datafield></record></collection>